@ARTICLE{2015PhRvD..92f4016G,
   author = {{Gerosa}, D. and {Kesden}, M. and {Sperhake}, U. and {Berti}, E. and 
	{O'Shaughnessy}, R.},
    title = "{Multi-timescale analysis of phase transitions in precessing black-hole binaries}",
  journal = {Physical Review D},
archivePrefix = "arXiv",
   eprint = {1506.03492},
 primaryClass = "gr-qc",
 keywords = {Numerical studies of black holes and black-hole binaries, Gravitational waves: theory, Classical black holes},
     year = 2015,
    month = sep,
   volume = 92,
   number = 6,
      eid = {064016},
    pages = {064016},
      doi = {10.1103/PhysRevD.92.064016},
   adsurl = {http://adsabs.harvard.edu/abs/2015PhRvD..92f4016G},
  adsnote = {Provided by the SAO/NASA Astrophysics Data System}
}

@ARTICLE{2015MNRAS.446...38G,
   author = {{Gerosa}, D. and {Sesana}, A.},
    title = "{Missing black holes in brightest cluster galaxies as evidence for the occurrence of superkicks in nature}",
  journal = {Monthly Notices of the Royal Astronomical Society},
archivePrefix = "arXiv",
   eprint = {1405.2072},
 keywords = {Black hole physics, gravitation, gravitational waves, galaxies: evolution, galaxies: interactions},
     year = 2015,
    month = jan,
   volume = 446,
    pages = {38-55},
      doi = {10.1093/mnras/stu2049},
   adsurl = {http://adsabs.harvard.edu/abs/2015MNRAS.446...38G},
  adsnote = {Provided by the SAO/NASA Astrophysics Data System}
}

@ARTICLE{2015CQGra..32x3001B,
   author = {{Berti}, E. and {Barausse}, E. and {Cardoso}, V. and {Gualtieri}, L. and 
	{Pani}, P. and {Sperhake}, U. and {Stein}, L.~C. and {Wex}, N. and 
	{Yagi}, K. and {Baker}, T. and {Burgess}, C.~P. and {Coelho}, F.~S. and 
	{Doneva}, D. and {De Felice}, A. and {Ferreira}, P.~G. and {Freire}, P.~C.~C. and 
	{Healy}, J. and {Herdeiro}, C. and {Horbatsch}, M. and {Kleihaus}, B. and 
	{Klein}, A. and {Kokkotas}, K. and {Kunz}, J. and {Laguna}, P. and 
	{Lang}, R.~N. and {Li}, T.~G.~F. and {Littenberg}, T. and {Matas}, A. and 
	{Mirshekari}, S. and {Okawa}, H. and {Radu}, E. and {O'Shaughnessy}, R. and 
	{Sathyaprakash}, B.~S. and {Van Den Broeck}, C. and {Winther}, H.~A. and 
	{Witek}, H. and {Emad Aghili}, M. and {Alsing}, J. and {Bolen}, B. and 
	{Bombelli}, L. and {Caudill}, S. and {Chen}, L. and {Degollado}, J.~C. and 
	{Fujita}, R. and {Gao}, C. and {Gerosa}, D. and {Kamali}, S. and 
	{Silva}, H.~O. and {Rosa}, J.~G. and {Sadeghian}, L. and {Sampaio}, M. and 
	{Sotani}, H. and {Zilhao}, M.},
    title = "{Testing general relativity with present and future astrophysical observations}",
  journal = {Classical and Quantum Gravity},
archivePrefix = "arXiv",
   eprint = {1501.07274},
 primaryClass = "gr-qc",
     year = 2015,
    month = dec,
   volume = 32,
   number = 24,
      eid = {243001},
    pages = {243001},
      doi = {10.1088/0264-9381/32/24/243001},
   adsurl = {http://adsabs.harvard.edu/abs/2015CQGra..32x3001B},
  adsnote = {Provided by the SAO/NASA Astrophysics Data System}
}

@ARTICLE{2015PhRvL.114h1103K,
   author = {{Kesden}, M. and {Gerosa}, D. and {O'Shaughnessy}, R. and {Berti}, E. and 
	{Sperhake}, U.},
    title = "{Effective Potentials and Morphological Transitions for Binary Black Hole Spin Precession}",
  journal = {Physical Review Letters},
archivePrefix = "arXiv",
   eprint = {1411.0674},
 primaryClass = "gr-qc",
 keywords = {Numerical studies of black holes and black-hole binaries, Gravitational waves: theory, Classical black holes},
     year = 2015,
    month = feb,
   volume = 114,
   number = 8,
      eid = {081103},
    pages = {081103},
      doi = {10.1103/PhysRevLett.114.081103},
   adsurl = {http://adsabs.harvard.edu/abs/2015PhRvL.114h1103K},
  adsnote = {Provided by the SAO/NASA Astrophysics Data System}
}

@ARTICLE{2013MNRAS.429L..30L,
   author = {{Lodato}, G. and {Gerosa}, D.},
    title = "{Black hole mergers: do gas discs lead to spin alignment?}",
  journal = {Monthly Notices of the Royal Astronomical Society},
archivePrefix = "arXiv",
   eprint = {1211.0284},
 keywords = {accretion, accretion discs, black hole physics, galaxies: evolution, galaxies: nuclei},
     year = 2013,
    month = feb,
   volume = 429,
    pages = {L30-L34},
      doi = {10.1093/mnrasl/sls018},
   adsurl = {http://adsabs.harvard.edu/abs/2013MNRAS.429L..30L},
  adsnote = {Provided by the SAO/NASA Astrophysics Data System}
}

@ARTICLE{2017arXiv170306223G,
   author = {{Gerosa}, D. and {Berti}, E.},
    title = "{Are merging black holes born from stellar collapse or previous mergers?}",
  journal = {ArXiv e-prints},
archivePrefix = "arXiv",
   eprint = {1703.06223},
 primaryClass = "gr-qc",
 keywords = {General Relativity and Quantum Cosmology, Astrophysics - High Energy Astrophysical Phenomena},
     year = 2017,
    month = mar,
   adsurl = {http://adsabs.harvard.edu/abs/2017arXiv170306223G},
  adsnote = {Provided by the SAO/NASA Astrophysics Data System}
}

@ARTICLE{2016PhRvD..93l4066G,
   author = {{Gerosa}, D. and {Kesden}, M.},
    title = "{precession: Dynamics of spinning black-hole binaries with python}",
  journal = {Physical Review D},
archivePrefix = "arXiv",
   eprint = {1605.01067},
 primaryClass = "astro-ph.HE",
     year = 2016,
    month = jun,
   volume = 93,
   number = 12,
      eid = {124066},
    pages = {124066},
      doi = {10.1103/PhysRevD.93.124066},
   adsurl = {http://adsabs.harvard.edu/abs/2016PhRvD..93l4066G},
  adsnote = {Provided by the SAO/NASA Astrophysics Data System}
}

@ARTICLE{2015PhRvL.115n1102G,
   author = {{Gerosa}, D. and {Kesden}, M. and {O'Shaughnessy}, R. and {Klein}, A. and 
	{Berti}, E. and {Sperhake}, U. and {Trifir{\`o}}, D.},
    title = "{Precessional Instability in Binary Black Holes with Aligned Spins}",
  journal = {Physical Review Letters},
archivePrefix = "arXiv",
   eprint = {1506.09116},
 primaryClass = "gr-qc",
 keywords = {Numerical studies of black holes and black-hole binaries, Classical black holes, Gravitational waves: theory},
     year = 2015,
    month = oct,
   volume = 115,
   number = 14,
      eid = {141102},
    pages = {141102},
      doi = {10.1103/PhysRevLett.115.141102},
   adsurl = {http://adsabs.harvard.edu/abs/2015PhRvL.115n1102G},
  adsnote = {Provided by the SAO/NASA Astrophysics Data System}
}

@ARTICLE{2016PhRvD..93d4071T,
   author = {{Trifir{\`o}}, D. and {O'Shaughnessy}, R. and {Gerosa}, D. and 
	{Berti}, E. and {Kesden}, M. and {Littenberg}, T. and {Sperhake}, U.
	},
    title = "{Distinguishing black-hole spin-orbit resonances by their gravitational wave signatures. II. Full parameter estimation}",
  journal = {Physical Review D},
archivePrefix = "arXiv",
   eprint = {1507.05587},
 primaryClass = "gr-qc",
     year = 2016,
    month = feb,
   volume = 93,
   number = 4,
      eid = {044071},
    pages = {044071},
      doi = {10.1103/PhysRevD.93.044071},
   adsurl = {http://adsabs.harvard.edu/abs/2016PhRvD..93d4071T},
  adsnote = {Provided by the SAO/NASA Astrophysics Data System}
}

@ARTICLE{2015CQGra..32t4001H,
   author = {{Horbatsch}, M. and {Silva}, H.~O. and {Gerosa}, D. and {Pani}, P. and 
	{Berti}, E. and {Gualtieri}, L. and {Sperhake}, U.},
    title = "{Tensor-multi-scalar theories: relativistic stars and 3 + 1 decomposition}",
  journal = {Classical and Quantum Gravity},
archivePrefix = "arXiv",
   eprint = {1505.07462},
 primaryClass = "gr-qc",
     year = 2015,
    month = oct,
   volume = 32,
   number = 20,
      eid = {204001},
    pages = {204001},
      doi = {10.1088/0264-9381/32/20/204001},
   adsurl = {http://adsabs.harvard.edu/abs/2015CQGra..32t4001H},
  adsnote = {Provided by the SAO/NASA Astrophysics Data System}
}

@ARTICLE{2015MNRAS.451.3941G,
   author = {{Gerosa}, D. and {Veronesi}, B. and {Lodato}, G. and {Rosotti}, G.
	},
    title = "{Spin alignment and differential accretion in merging black hole binaries}",
  journal = {Monthly Notices of the Royal Astronomical Society},
archivePrefix = "arXiv",
   eprint = {1503.06807},
 keywords = {accretion, accretion discs, black hole physics, galaxies: evolution, galaxies: nuclei},
     year = 2015,
    month = aug,
   volume = 451,
    pages = {3941-3954},
      doi = {10.1093/mnras/stv1214},
   adsurl = {http://adsabs.harvard.edu/abs/2015MNRAS.451.3941G},
  adsnote = {Provided by the SAO/NASA Astrophysics Data System}
}

@ARTICLE{2013PhRvD..87j4028G,
   author = {{Gerosa}, D. and {Kesden}, M. and {Berti}, E. and {O'Shaughnessy}, R. and 
	{Sperhake}, U.},
    title = "{Resonant-plane locking and spin alignment in stellar-mass black-hole binaries: A diagnostic of compact-binary formation}",
  journal = {Physical Review D},
archivePrefix = "arXiv",
   eprint = {1302.4442},
 primaryClass = "gr-qc",
 keywords = {Numerical studies of black holes and black-hole binaries, Classical black holes, Gravitational waves: theory},
     year = 2013,
    month = may,
   volume = 87,
   number = 10,
      eid = {104028},
    pages = {104028},
      doi = {10.1103/PhysRevD.87.104028},
   adsurl = {http://adsabs.harvard.edu/abs/2013PhRvD..87j4028G},
  adsnote = {Provided by the SAO/NASA Astrophysics Data System}
}

@ARTICLE{2016PhRvL.117a1101G,
   author = {{Gerosa}, D. and {Moore}, C.~J.},
    title = "{Black Hole Kicks as New Gravitational Wave Observables}",
  journal = {Physical Review Letters},
archivePrefix = "arXiv",
   eprint = {1606.04226},
 primaryClass = "gr-qc",
     year = 2016,
    month = jul,
   volume = 117,
   number = 1,
      eid = {011101},
    pages = {011101},
      doi = {10.1103/PhysRevLett.117.011101},
   adsurl = {http://adsabs.harvard.edu/abs/2016PhRvL.117a1101G},
  adsnote = {Provided by the SAO/NASA Astrophysics Data System}
}

@INPROCEEDINGS{2015ASSP...40..137G,
   author = {{Gerosa}, D.},
    title = "{Rival Families: Waveforms from Resonant Black-Hole Binaries as Probes of Their Astrophysical Formation History}",
 keywords = {Physics},
booktitle = {Gravitational Wave Astrophysics},
     year = 2015,
   series = {Astrophysics and Space Science Proceedings},
   volume = 40,
   editor = {{Sopuerta}, C.~F.},
    pages = {137},
      doi = {10.1007/978-3-319-10488-1_12},
   adsurl = {http://adsabs.harvard.edu/abs/2015ASSP...40..137G},
  adsnote = {Provided by the SAO/NASA Astrophysics Data System}
}

@ARTICLE{2016CQGra..33m5002G,
   author = {{Gerosa}, D. and {Sperhake}, U. and {Ott}, C.~D.},
    title = "{Numerical simulations of stellar collapse in scalar-tensor theories of gravity}",
  journal = {Classical and Quantum Gravity},
archivePrefix = "arXiv",
   eprint = {1602.06952},
 primaryClass = "gr-qc",
     year = 2016,
    month = jul,
   volume = 33,
   number = 13,
      eid = {135002},
    pages = {135002},
      doi = {10.1088/0264-9381/33/13/135002},
   adsurl = {http://adsabs.harvard.edu/abs/2016CQGra..33m5002G},
  adsnote = {Provided by the SAO/NASA Astrophysics Data System}
}

@ARTICLE{2014PhRvD..89l4025G,
   author = {{Gerosa}, D. and {O'Shaughnessy}, R. and {Kesden}, M. and {Berti}, E. and 
	{Sperhake}, U.},
    title = "{Distinguishing black-hole spin-orbit resonances by their gravitational-wave signatures}",
  journal = {Physical Review D},
archivePrefix = "arXiv",
   eprint = {1403.7147},
 primaryClass = "gr-qc",
 keywords = {Numerical studies of black holes and black-hole binaries, Classical black holes, Gravitational waves: theory},
     year = 2014,
    month = jun,
   volume = 89,
   number = 12,
      eid = {124025},
    pages = {124025},
      doi = {10.1103/PhysRevD.89.124025},
   adsurl = {http://adsabs.harvard.edu/abs/2014PhRvD..89l4025G},
  adsnote = {Provided by the SAO/NASA Astrophysics Data System}
}

